%YAML 1.1
%TAG !u! tag:unity3d.com,2011:
--- !u!243 &-3198428239237347445
AudioMixerGroupController:
  m_ObjectHideFlags: 0
  m_CorrespondingSourceObject: {fileID: 0}
  m_PrefabInstance: {fileID: 0}
  m_PrefabAsset: {fileID: 0}
  m_Name: Music
  m_AudioMixer: {fileID: 24100000}
  m_GroupID: e7295cbc08faf6549998066ecc7366ec
  m_Children: []
  m_Volume: e6b1ba1c5a29bf44cb81a8509e7334dc
  m_Pitch: b71fb863b09c1334387318e2e876a6e5
  m_Send: 00000000000000000000000000000000
  m_Effects:
  - {fileID: 2566805494495950981}
  m_UserColorIndex: 5
  m_Mute: 0
  m_Solo: 0
  m_BypassEffects: 0
--- !u!241 &24100000
AudioMixerController:
  m_ObjectHideFlags: 0
  m_CorrespondingSourceObject: {fileID: 0}
  m_PrefabInstance: {fileID: 0}
  m_PrefabAsset: {fileID: 0}
  m_Name: MainMixer
  m_OutputGroup: {fileID: 0}
  m_MasterGroup: {fileID: 24300002}
  m_Snapshots:
  - {fileID: 24500006}
  m_StartSnapshot: {fileID: 24500006}
  m_SuspendThreshold: -80
  m_EnableSuspend: 1
  m_UpdateMode: 0
  m_ExposedParameters:
  - guid: 1455350358814894985b30aca76972df
    name: masterVolume
  - guid: e6b1ba1c5a29bf44cb81a8509e7334dc
    name: musicVolume
  - guid: 37108d4e6b623074a9db229ac0d4c469
    name: sfxVolume
  m_AudioMixerGroupViews:
  - guids:
    - ab500c20e591e31458690389baae1f5e
    - e7295cbc08faf6549998066ecc7366ec
    - 58c846044114b3748b5e8610691b957a
    name: View
  m_CurrentViewIndex: 0
  m_TargetSnapshot: {fileID: 24500006}
--- !u!243 &24300002
AudioMixerGroupController:
  m_ObjectHideFlags: 0
  m_CorrespondingSourceObject: {fileID: 0}
  m_PrefabInstance: {fileID: 0}
  m_PrefabAsset: {fileID: 0}
  m_Name: Master
  m_AudioMixer: {fileID: 24100000}
  m_GroupID: ab500c20e591e31458690389baae1f5e
  m_Children:
  - {fileID: -3198428239237347445}
  - {fileID: 1418206844222825447}
  m_Volume: 1455350358814894985b30aca76972df
  m_Pitch: 727fca1fa4db55d498d37a77400b2c9f
  m_Send: 00000000000000000000000000000000
  m_Effects:
  - {fileID: 24400004}
  m_UserColorIndex: 3
  m_Mute: 0
  m_Solo: 0
  m_BypassEffects: 0
--- !u!244 &24400004
AudioMixerEffectController:
  m_ObjectHideFlags: 3
  m_CorrespondingSourceObject: {fileID: 0}
  m_PrefabInstance: {fileID: 0}
  m_PrefabAsset: {fileID: 0}
  m_Name: 
  m_EffectID: 64980c8021ab5ac4986b1037289f9d28
  m_EffectName: Attenuation
  m_MixLevel: 806546127d1fc2d448f7c44aa7db4ae4
  m_Parameters: []
  m_SendTarget: {fileID: 0}
  m_EnableWetMix: 0
  m_Bypass: 0
--- !u!245 &24500006
AudioMixerSnapshotController:
  m_ObjectHideFlags: 0
  m_CorrespondingSourceObject: {fileID: 0}
  m_PrefabInstance: {fileID: 0}
  m_PrefabAsset: {fileID: 0}
  m_Name: Snapshot
  m_AudioMixer: {fileID: 24100000}
  m_SnapshotID: 5e71e509abe50a244a0ecbf7f3636b20
  m_FloatValues: {}
  m_TransitionOverrides: {}
--- !u!243 &1418206844222825447
AudioMixerGroupController:
  m_ObjectHideFlags: 0
  m_CorrespondingSourceObject: {fileID: 0}
  m_PrefabInstance: {fileID: 0}
  m_PrefabAsset: {fileID: 0}
  m_Name: SFX
  m_AudioMixer: {fileID: 24100000}
  m_GroupID: 58c846044114b3748b5e8610691b957a
  m_Children: []
  m_Volume: 37108d4e6b623074a9db229ac0d4c469
  m_Pitch: 0ece209b2c46c5d4893802c371716a46
  m_Send: 00000000000000000000000000000000
  m_Effects:
  - {fileID: 8481899584681314750}
  m_UserColorIndex: 8
  m_Mute: 0
  m_Solo: 0
  m_BypassEffects: 0
--- !u!244 &2566805494495950981
AudioMixerEffectController:
  m_ObjectHideFlags: 3
  m_CorrespondingSourceObject: {fileID: 0}
  m_PrefabInstance: {fileID: 0}
  m_PrefabAsset: {fileID: 0}
  m_Name: 
  m_EffectID: 1023144f76349ca4788bb29ddd7811c9
  m_EffectName: Attenuation
  m_MixLevel: 50725ee4fffe6564c9ff63cf6d44a238
  m_Parameters: []
  m_SendTarget: {fileID: 0}
  m_EnableWetMix: 0
  m_Bypass: 0
--- !u!244 &8481899584681314750
AudioMixerEffectController:
  m_ObjectHideFlags: 3
  m_CorrespondingSourceObject: {fileID: 0}
  m_PrefabInstance: {fileID: 0}
  m_PrefabAsset: {fileID: 0}
  m_Name: 
  m_EffectID: 2a0f5d8b966399047a368ae942fc06a2
  m_EffectName: Attenuation
  m_MixLevel: f4548a60ddf713f4caef52501de1dcf3
  m_Parameters: []
  m_SendTarget: {fileID: 0}
  m_EnableWetMix: 0
  m_Bypass: 0
